@online{brzeskiReboundGermanIndustrial,
  title = {Rebound in {{German}} Industrial Production Fails to Alleviate Recession Fears},
  author = {Brzeski, Carsten},
  url = {https://think.ing.com/snaps/german-industry-aug24/},
  urldate = {2024-12-09},
  abstract = {German industrial production rebounds in August but recession concerns remain},
  langid = {english},
  organization = {ING Think},
  file = {C:\Users\lucas\Zotero\storage\QPYH5JDH\german-industry-aug24.html}
}

@article{chazanGermanBondInvestors2024,
  entrysubtype = {newspaper},
  title = {German Bond Investors Bet on an End to {{Berlin}}’s ‘Debt Brake’},
  author = {Chazan, Guy and Smith, Ian},
  date = {2024-11-23},
  journaltitle = {Financial Times},
  url = {https://www.ft.com/content/cbc6cbb8-a91c-48b5-922e-ca5246956b2b},
  urldate = {2024-12-09},
  abstract = {A key indicator has fallen below zero for the first time as market braces for higher German borrowing},
  journalsubtitle = {Charts that Matter},
  file = {C:\Users\lucas\Zotero\storage\UCJDZHFB\cbc6cbb8-a91c-48b5-922e-ca5246956b2b.html}
}

@article{chazanGermanCoalitionGovernment2024,
  entrysubtype = {newspaper},
  title = {German Coalition Government Collapses as {{Scholz}} Sacks His Finance Minister},
  author = {Chazan, Guy},
  date = {2024-11-06},
  journaltitle = {Financial Times},
  url = {https://www.ft.com/content/d19506c2-98f6-4e20-b626-559a22829c9b},
  urldate = {2024-12-09},
  abstract = {Departure of Christian Lindner marks the end of the country’s unpopular three-party administration},
  journalsubtitle = {German politics},
  file = {C:\Users\lucas\Zotero\storage\GV49E2VZ\d19506c2-98f6-4e20-b626-559a22829c9b.html}
}

@article{GermanStabilityProgramme,
  title = {German {{Stability Programme}} 2024},
  langid = {english},
  file = {C:\Users\lucas\Zotero\storage\NVBMVAB9\German Stability Programme 2024.pdf}
}

@article{inagakiEUMemberStates2024,
  entrysubtype = {newspaper},
  title = {{{EU}} Member States Agree to Impose Tariffs on {{Chinese}} Electric Vehicles},
  author = {Inagaki, Kana and White, Edward and Bounds, Andy},
  date = {2024-10-04},
  journaltitle = {Financial Times},
  url = {https://www.ft.com/content/05dd39b0-5097-4958-be7c-f41ef4075d93},
  urldate = {2024-12-09},
  abstract = {China’s carmakers have been increasing market share in Europe},
  journalsubtitle = {EU-China relations},
  file = {C:\Users\lucas\Zotero\storage\QJ347BTQ\05dd39b0-5097-4958-be7c-f41ef4075d93.html}
}

@article{nilssonGermanUnionBoss2024,
  entrysubtype = {newspaper},
  title = {German Union Boss Urges {{Berlin}} to Scrap Borrowing Cap to Safeguard Economy},
  author = {Nilsson, Patricia},
  date = {2024-12-09},
  journaltitle = {Financial Times},
  url = {https://www.ft.com/content/2e34fd28-f806-466c-84eb-19d5effa1d41},
  urldate = {2024-12-09},
  abstract = {IG Metall chair Christiane Benner addresses thousands of VW workers striking over planned closure of several plants},
  journalsubtitle = {Volkswagen AG},
  file = {C:\Users\lucas\Zotero\storage\X3JCHFN5\2e34fd28-f806-466c-84eb-19d5effa1d41.html}
}

@article{nilssonVWSellsPlant2024,
  entrysubtype = {newspaper},
  title = {{{VW}} Sells Plant in {{Chinese}} Region of {{Xinjiang}}},
  author = {Nilsson, Patricia},
  date = {2024-11-27},
  journaltitle = {Financial Times},
  url = {https://www.ft.com/content/a46e82b0-0dd3-4a51-8eae-bd86791e9113},
  urldate = {2024-12-09},
  abstract = {German carmaker has long resisted pressure from investors and human rights groups to exit the area},
  journalsubtitle = {Volkswagen AG},
  file = {C:\Users\lucas\Zotero\storage\JS5YQTMF\a46e82b0-0dd3-4a51-8eae-bd86791e9113.html}
}

@article{nilssonVWsGermanPlants2024,
  entrysubtype = {newspaper},
  title = {{{VW}}’s {{German}} Plants Grind to a Halt as Workers Strike over Pay and Job Cuts},
  author = {Nilsson, Patricia},
  date = {2024-12-02},
  journaltitle = {Financial Times},
  url = {https://www.ft.com/content/18ec2fc5-5613-4ae3-9cab-c7ab11fca404},
  urldate = {2024-12-09},
  abstract = {Union IG Metall said 66,000 workers at nine factories, including the Wolfsburg headquarters, had walked out},
  journalsubtitle = {Volkswagen AG},
  file = {C:\Users\lucas\Zotero\storage\ER8K4YWL\18ec2fc5-5613-4ae3-9cab-c7ab11fca404.html}
}

@article{pitelWillFriedrichMerz2024,
  entrysubtype = {newspaper},
  title = {Will {{Friedrich Merz}} Get {{Germany}} to Abandon Its Fiscal Fetish?},
  author = {Pitel, Laura},
  date = {2024-11-11},
  journaltitle = {Financial Times},
  url = {https://www.ft.com/content/8f059f4d-4fe0-4291-a768-c273485570d6},
  urldate = {2024-12-09},
  abstract = {Opposition leader in pole position to become chancellor will inherit controversial ‘debt brake’},
  journalsubtitle = {German politics},
  file = {C:\Users\lucas\Zotero\storage\ZTZ7AH7H\8f059f4d-4fe0-4291-a768-c273485570d6.html}
}

@online{PressReleaseEasing,
  title = {Press {{Release}}: {{Easing}} the {{Debt Brake}}? {{Not}} without {{Clear Prioritisation}}},
  shorttitle = {Press {{Release}}},
  url = {https://www.zew.de/en/press/latest-press-releases/easing-the-debt-brake-not-without-clear-prioritisation},
  urldate = {2024-12-09},
  abstract = {“Between 2015 and 2019, around 39.5 billion euros of the additional budgetary funds were used for consumptive spending, while only around 13.2 billion euros were spent on investment. This corresponds to a ratio of three to one,” explains Friedrich\&amp;hellip;},
  langid = {american},
  organization = {zew.de},
  file = {C:\Users\lucas\Zotero\storage\7XYF5VKE\easing-the-debt-brake-not-without-clear-prioritisation.html}
}

@online{SwitchingEVsCould06:45:26+01:00,
  title = {Switching to {{EVs}} Could Cost {{German}} Car Industry 186,000 Jobs by 2035},
  year = {06:45:26 +01:00},
  url = {https://www.euronews.com/business/2024/10/30/switching-to-evs-could-cost-german-car-industry-186000-jobs-by-2035},
  urldate = {2024-12-09},
  abstract = {EV car production requires fewer employees overall than in the past, according to new report findings.},
  langid = {english},
  organization = {euronews},
  file = {C:\Users\lucas\Zotero\storage\KKNYHQKW\switching-to-evs-could-cost-german-car-industry-186000-jobs-by-2035.html}
}

@online{VolkswagenRivianLaunch,
  title = {Volkswagen and {{Rivian Launch}} \$5.{{8B EV Joint Venture}}},
  url = {https://www.ceotodaymagazine.com/2024/11/volkswagen-and-rivian-join-forces-in-5-8-billion-partnership-to-lead-the-future-of-electric-vehicles/},
  urldate = {2024-12-09},
  abstract = {Volkswagen and Rivian announce a \$5.8 billion partnership to share technology and create affordable electric vehicles, with first models expected by 2027.},
  langid = {american},
  organization = {https://www.ceotodaymagazine.com/},
  file = {C:\Users\lucas\Zotero\storage\PDI5FB2X\volkswagen-and-rivian-join-forces-in-5-8-billion-partnership-to-lead-the-future-of-electric-veh.html}
}

@online{VolkswagensEarningsDisappoint09:07:19+01:00,
  title = {Volkswagen's Earnings Disappoint as Shares Plunge to 24-Year Low},
  year = {09:07:19 +01:00},
  url = {https://www.euronews.com/business/2024/10/30/volkswagens-earnings-disappoint-as-shares-plunge-to-24-year-low},
  urldate = {2024-12-09},
  abstract = {Volkswagen’s third-quarter earnings missed expectations, pushing shares to a 24-year low. Europe’s biggest automaker faces rising costs, restructuring expenses, and slowing demand, particularly in China. Challenges in the EV market and regulatory pressures are straining profitability.},
  langid = {english},
  organization = {euronews},
  file = {C:\Users\lucas\Zotero\storage\VCRHPCL2\volkswagens-earnings-disappoint-as-shares-plunge-to-24-year-low.html}
}

@online{VWGroupBuy2023,
  title = {{{VW Group}} to Buy Semiconductor Chips Directly to Avoid Crippling Bottlenecks},
  date = {2023-08-29T05:28:29+00:00},
  url = {https://cardealermagazine.co.uk/publish/vw-group-to-buy-semiconductor-chips-directly-to-avoid-crippling-bottlenecks/288819},
  urldate = {2024-12-09},
  abstract = {Volkswagen Group is changing the way it sources semiconductor chips to ensure supply is secure in the future. Previously, the German car giant relied on},
  langid = {english},
  organization = {Car Dealer Magazine},
  file = {C:\Users\lucas\Zotero\storage\78WKYZ2K\288819.html}
}

@online{vwgroupHistory1999,
  title = {History},
  author = {VW Group},
  date = {1999-10-07},
  url = {https://www.volkswagen-group.com/en/history-15914},
  urldate = {2024-12-09},
  abstract = {From the chronicle to the Corporate archives to publications and documents - find here everything about the history of the Volkswagen Group.},
  langid = {english},
  organization = {Volkswagen Group},
  file = {C:\Users\lucas\Zotero\storage\KWV6DYXC\history-15914.html}
}

@article{whiteVWAuditXinjiang2024,
  entrysubtype = {newspaper},
  title = {{{VW}} Audit of {{Xinjiang}} Plant Failed to Meet International Standards},
  author = {White, Edward and Nilsson, Patricia},
  date = {2024-09-19},
  journaltitle = {Financial Times},
  url = {https://www.ft.com/content/ae25a633-1c5d-4268-8f22-1ab55ed51a58},
  urldate = {2024-12-09},
  abstract = {Leaked report, which the carmaker claimed cleared it from forced labour allegations, shows audit fell short, according to experts},
  journalsubtitle = {Volkswagen AG},
  file = {C:\Users\lucas\Zotero\storage\IQPPQVBC\ae25a633-1c5d-4268-8f22-1ab55ed51a58.html}
}

@misc{zotero-31,
  url = {https://www.volkswagen-group.com/en/history-15914}
}
